
@article{pasarella2017comparing,
  title={Comparing MapReduce and pipeline implementations for counting triangles},
  author={Pasarella, E. and Vidal, M-E. and Zoltan, C.},
  journal={Electronic proceedings in theoretical computer science},
  volume={237},
  pages={20--33},
  year={2017}
}

@online{Golang,
  author = {MultiMedia LLC},
  title = {The Go Project},
  year = {March 2012},
  url = {https://golang.org/},
  urldate = {2021-03-15}
}

  @inproceedings{nr,
      title = {The Network Data Repository with Interactive Graph Analytics and Visualization},
      author={Ryan A. Rossi and Nesreen K. Ahmed},
      booktitle = {AAAI},
      url={http://networkrepository.com},
      year={2015}
  }
  
  @incollection{bader2002algorithm,
  title={Algorithm engineering for parallel computation},
  author={Bader, David A and Moret, Bernard ME and Sanders, Peter},
  booktitle={Experimental Algorithmics},
  pages={1--23},
  year={2002},
  publisher={Springer}
}

@article{cattaneo2010,
  title={Maintaining dynamic minimum spanning trees: An experimental study},
  author={Cattaneo, Giuseppe and Faruolo, Pompeo and Petrillo, U Ferraro and Italiano, Giuseppe F},
  journal={Discrete Applied Mathematics},
  volume={158},
  number={5},
  pages={404--425},
  year={2010},
  publisher={Elsevier}
}
%
@article{ferragina1995ParallelFullyDyn,
  title={A technique to speed up parallel fully dynamic algorithms for MST},
  author={Ferragina, Paolo},
  journal={Journal of Parallel and Distributed Computing},
  volume={31},
  number={2},
  pages={181--189},
  year={1995},
  publisher={Elsevier}
}
%
@inproceedings{dhulipala2020parallelDynMST,
  title={Parallel batch-dynamic graphs: Algorithms and lower bounds},
  author={Dhulipala, Laxman and Durfee, David and Kulkarni, Janardhan and Peng, Richard and Sawlani, Saurabh and Sun, Xiaorui},
  booktitle={Proceedings of the Fourteenth Annual ACM-SIAM Symposium on Discrete Algorithms},
  pages={1300--1319},
  year={2020},
  organization={SIAM}
}
%
@article{bazlamaccci2001SurveyMST,
  title={Minimum-weight spanning tree algorithms a survey and empirical study},
  author={Bazlama{\c{c}}c{\i}, C{\"u}neyt F and Hindi, Khalil S},
  journal={Computers \& Operations Research},
  volume={28},
  number={8},
  pages={767--785},
  year={2001},
  publisher={Elsevier}
}
%
@article{eppstein1999dynamicGraphAlgorithms,
  title={Dynamic graph algorithms},
  author={Eppstein, David and Galil, Zvi and Italiano, Giuseppe F},
  journal={Algorithms and theory of computation handbook},
  volume={1},
  pages={9--1},
  year={1999},
  publisher={Citeseer}
}
%
@article{eppstein1997sparsification,
  title={Sparsification --a technique for speeding up dynamic graph algorithms},
  author={Eppstein, David and Galil, Zvi and Italiano, Giuseppe F and Nissenzweig, Amnon},
  journal={Journal of the ACM (JACM)},
  volume={44},
  number={5},
  pages={669--696},
  year={1997},
  publisher={ACM New York, NY, USA}
}
%
@article{eppstein1998separator,
  title={Separator-based sparsification II: Edge and vertex connectivity},
  author={Eppstein, David and Galil, Zvi and Italiano, Giuseppe F and Spencer, Thomas H},
  journal={SIAM Journal on Computing},
  volume={28},
  number={1},
  pages={341--381},
  year={1998},
  publisher={SIAM}
}
%
@article{eppstein1992maintenance,
  title={Maintenance of a minimum spanning forest in a dynamic plane graph},
  author={Eppstein, David and Italiano, Giuseppe F and Tamassia, Roberto and Tarjan, Robert E and Westbrook, Jeffery and Yung, Moti},
  journal={Journal of Algorithms},
  volume={13},
  number={1},
  pages={33--54},
  year={1992},
  publisher={Elsevier}
}
%
@inproceedings{burkhardt2015cloud,
  title={A cloud-based approach to big graphs},
  author={Burkhardt, Paul and Waring, Christopher A},
  booktitle={2015 IEEE High Performance Extreme Computing Conference (HPEC)},
  pages={1--8},
  year={2015},
  organization={IEEE}
}
%
@article{sakr2021futureIsBigGraphs,
  title={The future is big graphs: a community view on graph processing systems},
  author={Sakr, Sherif and Bonifati, Angela and Voigt, Hannes and Iosup, Alexandru and Ammar, Khaled and Angles, Renzo and Aref, Walid and Arenas, Marcelo and Besta, Maciej and Boncz, Peter A and others},
  journal={Communications of the ACM},
  volume={64},
  number={9},
  pages={62--71},
  year={2021},
  publisher={ACM New York, NY, USA}
}
%
@article{frederickson1985data,
  title={Data structures for on-line updating of minimum spanning trees, with applications},
  author={Frederickson, Greg N},
  journal={SIAM Journal on Computing},
  volume={14},
  number={4},
  pages={781--798},
  year={1985},
  publisher={SIAM}
}
%
@article{frederickson1997ambivalent,
  title={Ambivalent data structures for dynamic 2-edge-connectivity and k smallest spanning trees},
  author={Frederickson, Greg N},
  journal={SIAM Journal on Computing},
  volume={26},
  number={2},
  pages={484--538},
  year={1997},
  publisher={SIAM}
}
%
@article{holm2001poly,
  title={Poly-logarithmic deterministic fully-dynamic algorithms for connectivity, minimum spanning tree, 2-edge, and biconnectivity},
  author={Holm, Jacob and De Lichtenberg, Kristian and Thorup, Mikkel},
  journal={Journal of the ACM (JACM)},
  volume={48},
  number={4},
  pages={723--760},
  year={2001},
  publisher={ACM New York, NY, USA}
}
%
@article{iyer2001experimental,
  title={An experimental study of polylogarithmic, fully dynamic, connectivity algorithms},
  author={Iyer, Raj and Karger, David and Rahul, Hariharan and Thorup, Mikkel},
  journal={Journal of Experimental Algorithmics (JEA)},
  volume={6},
  pages={4--es},
  year={2001},
  publisher={ACM New York, NY, USA}
}
%
@inproceedings{lonvcar2012parallel,
  title={Parallel implementation of minimum spanning tree algorithms using MPI},
  author={Lon{\v{c}}ar, Vladimir and {\v{S}}krbic, Srdjan},
  booktitle={2012 IEEE 13th International Symposium on Computational Intelligence and Informatics (CINTI)},
  pages={35--38},
  year={2012},
  organization={IEEE}
}
%
@article{das1995parallel,
  title={Parallel Dynamic Algorithms for Minimum Spanning Trees},
  author={Das, Sajal K and Ferragina, Paolo},
  year={1995},
  publisher={Citeseer}
}
%
@article{mcgregor2014graph,
  title={Graph stream algorithms: a survey},
  author={McGregor, Andrew},
  journal={ACM SIGMOD Record},
  volume={43},
  number={1},
  pages={9--20},
  year={2014},
  publisher={ACM New York, NY, USA}
}
%
@article{chang2020streaming,
  title={Streaming complexity of spanning tree computation},
  author={Chang, Yi-Jun and Farach-Colton, Mart{\'\i}n and Hsu, Tsan-Sheng and Tsai, Meng-Tsung},
  journal={arXiv preprint arXiv:2001.07672},
  year={2020}
}
%
@inproceedings{henzinger1997maintaining,
  title={Maintaining minimum spanning trees in dynamic graphs},
  author={Henzinger, Monika R and King, Valerie},
  booktitle={International Colloquium on Automata, Languages, and Programming},
  pages={594--604},
  year={1997},
  organization={Springer}
}
%
@article{bader2006fast,
  title={Fast shared-memory algorithms for computing the minimum spanning forest of sparse graphs},
  author={Bader, David A and Cong, Guojing},
  journal={Journal of Parallel and Distributed Computing},
  volume={66},
  number={11},
  pages={1366--1378},
  year={2006},
  publisher={Elsevier}
}
%
@inproceedings{chung1996parallel,
  title={Parallel implementation of {B}or\r{u}vka's minimum spanning tree algorithm},
  author={Chung, Sun and Condon, Anne},
  booktitle={Proceedings of International Conference on Parallel Processing},
  pages={302--308},
  year={1996},
  organization={IEEE}
}
%
@article{tripathy2013new,
  title={A New Parallel Algorithm for Minimum Spanning Tree (MST)},
  author={Tripathy, Alok Ranjan and Ray, BNB},
  journal={International Journal of Advanced Studies in Computers, Science and Engineering},
  volume={2},
  number={5},
  pages={7},
  year={2013},
  publisher={International Journal of Advanced Studies in Computers, Science and Engineering}
}
%
@article{durbhakula2020parallel,
  title={Parallel Minimum Spanning Tree Algorithms and Evaluation},
  author={Durbhakula, Suryanarayana Murthy},
  journal={arXiv preprint arXiv:2005.06913},
  year={2020}
}
%
@article{pandurangan2018distributed,
  title={The distributed minimum spanning tree problem},
  author={Pandurangan, Gopal and Robinson, Peter and Scquizzato, Michele and others},
  journal={Bulletin of EATCS},
  volume={2},
  number={125},
  year={2018}
}
%
@inproceedings{nowicki2021dynamic,
  title={Dynamic graph algorithms with batch updates in the massively parallel computation model},
  author={Nowicki, Krzysztof and Onak, Krzysztof},
  booktitle={Proceedings of the 2021 ACM-SIAM Symposium on Discrete Algorithms (SODA)},
  pages={2939--2958},
  year={2021},
  organization={SIAM}
}
%
@inproceedings{karloff2010model,
  title={A model of computation for mapreduce},
  author={Karloff, Howard and Suri, Siddharth and Vassilvitskii, Sergei},
  booktitle={Proceedings of the twenty-first annual ACM-SIAM symposium on Discrete Algorithms},
  pages={938--948},
  year={2010},
  organization={SIAM}
}
%

@article{HanHenSchuSurvey2021,
   title     = {Recent Advances in Fully Dynamic Graph Algorithms – A Quick Reference Guide},
  author    = {Kathrin Hanauer, Monika Henzinger and Christian Schulz},
  journal = {ACM Journal of Experimental Algorithmics},
  volume = {27},
  number = {1},
  pages = {1–45},
  url = {https://doi.org/10.1145/3555806},
  year = {2022}
}

@article{patrascudemaine2006,
  title={Logarithmic Lower Bounds in the Cell-Probe Model},
  author={Mihai Patrascu and Erik D. Demaine},
  journal={SIAM Journal of Computing},
  volume = {35},
  number = {4},
  pages={932--963},
  year={2006}
}

@inproceedings{holmetal2015,
  title={Faster Fully dynamic Minnimum Spanning Forest},
  author={Jacob Holm and Eva Rotemberg and Christian Wulff-Nilsen},
  booktitle={In Algorithms - ESA 2015 - 23rd Annual European Symposium, Patras Greece, September 14--16 2015, Proceedings (Lecture Notes in Computer Science Vol. 9294), Nikhil Bansal and Irene Finocchi (Eds.)},
  pages={742--753},
  year={2015},
  editor  = {Springer},
}

@inproceedings{riberotoso2007,
  title={Experimental Analysis of Algorithms for Updating Minnimum Spanning Trees on Graphs Subject to Changes on Edge Weights},
  author={Celso C. Ribeiro and Rodrigo F. Toso},
  booktitle={In Experimental Algorithms, 6th International Workshop, WEA 2007, Rome Italy, June 6--8 2007, Proceedings (Lecture Notes in Computer Science Vol. 4525), Camil Demetrescu (Ed.)},
  pages={393--405},
  year={2007},
  editor  = {Springer},
}

@article{gilbert1959,
author = {E. N. Gilbert},
title = {{Random Graphs}},
volume = {30},
journal = {The Annals of Mathematical Statistics},
number = {4},
publisher = {Institute of Mathematical Statistics},
pages = {1141 -- 1144},
year = {1959},
doi = {10.1214/aoms/1177706098},
URL = {https://doi.org/10.1214/aoms/1177706098}
}

@article{Batagelj2005,
  title = {Efficient generation of large random networks},
  volume = {71},
  ISSN = {1550-2376},
  url = {http://dx.doi.org/10.1103/PhysRevE.71.036113},
  DOI = {10.1103/physreve.71.036113},
  number = {3},
  journal = {Physical Review E},
  publisher = {American Physical Society (APS)},
  author = {Batagelj,  Vladimir and Brandes,  Ulrik},
  year = {2005},
  month = mar 
}

@inproceedings{Osipov2009,
author = {Vitaly Osipov and Peter Sanders and Johannes Singler},
title = {The Filter-Kruskal Minimum Spanning Tree Algorithm},
booktitle = {2009 Proceedings of the Workshop on Algorithm Engineering and Experiments (ALENEX)},
pages = {52-61},
doi = {10.1137/1.9781611972894.5},
URL = {https://epubs.siam.org/doi/abs/10.1137/1.9781611972894.5},
eprint = {https://epubs.siam.org/doi/pdf/10.1137/1.9781611972894.5},
abstract = { Abstract We present Filter-Kruskal – a simple modification of Kruskal's algorithm that avoids sorting edges that are “obviously” not in the MST. For arbitrary graphs with random edge weights Filter-Kruskal runs in time O (m + n log n log m/n), i.e. in linear time for not too sparse graphs. Experiments indicate that the algorithm has very good practical performance over the entire range of edge densities. An equally simple parallelization seems to be the currently best practical algorithm on multicore machines.},
year = {2009}
}
%
@misc{DP2019,
   title={The Dynamic Pipeline Paradigm},
   author={Zoltan, C. and Pasarella, E. and Araoz, J. and Vidal, M.},
   url={https://hdl.handle.net/11705/PROLE/2019/017},
year = {2019}
 }

@article{Pasarella2024,
  title = {A computational framework based on the dynamic pipeline approach},
  volume = {139},
  ISSN = {2352-2208},
  url = {http://dx.doi.org/10.1016/j.jlamp.2024.100966},
  DOI = {10.1016/j.jlamp.2024.100966},
  journal = {Journal of Logical and Algebraic Methods in Programming},
  publisher = {Elsevier BV},
  author = {Pasarella,  Edelmira and Vidal,  Maria-Esther and Zoltan,  Cristina and Royo Sales,  Juan Pablo},
  year = {2024},
  month = jun,
  pages = {100966}
}

@InProceedings{Loncar2014,
author="Lon{\v{c}}ar, Vladimir
and {\v{S}}krbi{\'{c}}, Srdjan
and Bala{\v{z}}, Antun",
editor="Yang, Gi-Chul
and Ao, Sio-Iong
and Gelman, Len",
title="Parallelization of Minimum Spanning Tree Algorithms Using Distributed Memory Architectures",
booktitle="Transactions on Engineering Technologies",
year="2014",
publisher="Springer Netherlands",
address="Dordrecht",
pages="543--554",
abstract="Finding a minimum spanning tree of a graph is a well known problem in graph theory with many practical applications. We study serial variants of Prim's and Kruskal's algorithm and present their parallelization targeting message passing parallel machine with distributed memory. We consider large graphs that can not fit into memory of one process. Experimental results show that Prim's algorithm is a good choice for dense graphs while Kruskal's algorithm is better for sparse ones. Poor scalability of Prim's algorithm comes from its high communication cost while Kruskal's algorithm showed much better scaling to larger number of processes.",
isbn="978-94-017-8832-8"
}

@misc{benedietal2024,
  title={{\tt DP\_Kruskal}: a concurrent algorithm to maintain dynamically minimum spanning trees},
  author={Daniel Benedí and Amalia Duch and Edelmira Pasarella and Cristina Zoltan},
  booktitle={Accepted as poster in Euro-Par 2024: 30th International European Conference on Parallel and Distributed Computing},
  year={2024},
}

@misc{benedi2024,
   title={Maintaining the Minimum Spanning Forest of a Fully Dynamic Graph in the dynamic Pipeline  Pattern},
   author={Daniel Bendí García},
   booktitle={Master Thesis, Universitat Politècnica de Catalunya},
   year = {2024}
 }