
@article{pasarella2017comparing,
  title={Comparing MapReduce and pipeline implementations for counting triangles},
  author={Pasarella, E. and Vidal, M-E. and Zoltan, C.},
  year={2017}
}

@online{Golang,
  author = {MultiMedia LLC},
  title = {The Go Project},
  year = {March 2012},
  url = {https://golang.org/},
  urldate = {2021-03-15}
}

  @inproceedings{nr,
      title = {The Network Data Repository with Interactive Graph Analytics and Visualization},
      author={Ryan A. Rossi and Nesreen K. Ahmed},
      year={2015}
  }
  
  @incollection{bader2002algorithm,
  title={Algorithm engineering for parallel computation},
  author={Bader, David A and Moret, Bernard ME and Sanders, Peter},
  year={2002},
}

@article{cattaneo2010,
  title={Maintaining dynamic minimum spanning trees: An experimental study},
  author={Cattaneo, Giuseppe and Faruolo, Pompeo and Petrillo, U Ferraro and Italiano, Giuseppe F},
  year={2010},
}
%
@article{ferragina1995ParallelFullyDyn,
  title={A technique to speed up parallel fully dynamic algorithms for MST},
  author={Ferragina, Paolo},
  year={1995},
}
%
@inproceedings{dhulipala2020parallelDynMST,
  title={Parallel batch-dynamic graphs: Algorithms and lower bounds},
  author={Dhulipala, Laxman and Durfee, David and Kulkarni, Janardhan and Peng, Richard and Sawlani, Saurabh and Sun, Xiaorui},
  year={2020},
}
%
@article{bazlamaccci2001SurveyMST,
  title={Minimum-weight spanning tree algorithms a survey and empirical study},
  author={Bazlama{\c{c}}c{\i}, C{\"u}neyt F and Hindi, Khalil S},
  year={2001}
}
%
@article{eppstein1999dynamicGraphAlgorithms,
  title={Dynamic graph algorithms},
  author={Eppstein, David and Galil, Zvi and Italiano, Giuseppe F},
  year={1999}
}
%
@article{eppstein1997sparsification,
  title={Sparsification --a technique for speeding up dynamic graph algorithms},
  author={Eppstein, David and Galil, Zvi and Italiano, Giuseppe F and Nissenzweig, Amnon},
  year={1997},
}
%
@article{eppstein1998separator,
  title={Separator-based sparsification II: Edge and vertex connectivity},
  author={Eppstein, David and Galil, Zvi and Italiano, Giuseppe F and Spencer, Thomas H},
  year={1998},
}
%
@article{eppstein1992maintenance,
  title={Maintenance of a minimum spanning forest in a dynamic plane graph},
  author={Eppstein, David and Italiano, Giuseppe F and Tamassia, Roberto and Tarjan, Robert E and Westbrook, Jeffery and Yung, Moti},
  year={1992},
}
%
@inproceedings{burkhardt2015cloud,
  title={A cloud-based approach to big graphs},
  author={Burkhardt, Paul and Waring, Christopher A},
  year={2015},
}
%
@article{sakr2021futureIsBigGraphs,
  title={The future is big graphs: a community view on graph processing systems},
  author={Sakr, Sherif and Bonifati, Angela and Voigt, Hannes and Iosup, Alexandru and Ammar, Khaled and Angles, Renzo and Aref, Walid and Arenas, Marcelo and Besta, Maciej and Boncz, Peter A and others},
  year={2021},
}
%
@article{frederickson1985data,
  title={Data structures for on-line updating of minimum spanning trees, with applications},
  author={Frederickson, Greg N},
  year={1985},
}
%
@article{frederickson1997ambivalent,
  title={Ambivalent data structures for dynamic 2-edge-connectivity and k smallest spanning trees},
  author={Frederickson, Greg N},
  year={1997},
}
%
@article{holm2001poly,
  title={Poly-logarithmic deterministic fully-dynamic algorithms for connectivity, minimum spanning tree, 2-edge, and biconnectivity},
  author={Holm, Jacob and De Lichtenberg, Kristian and Thorup, Mikkel},
  year={2001},
}
%
@article{iyer2001experimental,
  title={An experimental study of polylogarithmic, fully dynamic, connectivity algorithms},
  author={Iyer, Raj and Karger, David and Rahul, Hariharan and Thorup, Mikkel},
  year={2001},
}
%
@inproceedings{lonvcar2012parallel,
  title={Parallel implementation of minimum spanning tree algorithms using MPI},
  author={Lon{\v{c}}ar, Vladimir and {\v{S}}krbic, Srdjan},
  year={2012},
}
%
@article{das1995parallel,
  title={Parallel Dynamic Algorithms for Minimum Spanning Trees},
  author={Das, Sajal K and Ferragina, Paolo},
  year={1995},
}
%
@article{mcgregor2014graph,
  title={Graph stream algorithms: a survey},
  author={McGregor, Andrew},
  year={2014},
}
%
@article{chang2020streaming,
  title={Streaming complexity of spanning tree computation},
  author={Chang, Yi-Jun and Farach-Colton, Mart{\'\i}n and Hsu, Tsan-Sheng and Tsai, Meng-Tsung},
  year={2020}
}
%
@inproceedings{henzinger1997maintaining,
  title={Maintaining minimum spanning trees in dynamic graphs},
  author={Henzinger, Monika R and King, Valerie},
  year={1997},
}
%
@article{bader2006fast,
  title={Fast shared-memory algorithms for computing the minimum spanning forest of sparse graphs},
  author={Bader, David A and Cong, Guojing},
  year={2006}
}
%
@inproceedings{chung1996parallel,
  title={Parallel implementation of {B}or\r{u}vka's minimum spanning tree algorithm},
  author={Chung, Sun and Condon, Anne},
  year={1996},
}
%
@article{tripathy2013new,
  title={A New Parallel Algorithm for Minimum Spanning Tree (MST)},
  author={Tripathy, Alok Ranjan and Ray, BNB},
  year={2013}
}
%
@article{durbhakula2020parallel,
  title={Parallel Minimum Spanning Tree Algorithms and Evaluation},
  author={Durbhakula, Suryanarayana Murthy},
  year={2020}
}
%
@article{pandurangan2018distributed,
  title={The distributed minimum spanning tree problem},
  author={Pandurangan, Gopal and Robinson, Peter and Scquizzato, Michele and others},
  year={2018}
}
%
@inproceedings{nowicki2021dynamic,
  title={Dynamic graph algorithms with batch updates in the massively parallel computation model},
  author={Nowicki, Krzysztof and Onak, Krzysztof},
  year={2021},
}
%
@inproceedings{karloff2010model,
  title={A model of computation for mapreduce},
  author={Karloff, Howard and Suri, Siddharth and Vassilvitskii, Sergei},
  year={2010},
}
%

@article{HanHenSchuSurvey2021,
   title     = {Recent Advances in Fully Dynamic Graph Algorithms – A Quick Reference Guide},
  author    = {Kathrin Hanauer, Monika Henzinger and Christian Schulz},
  year = {2022}
}

@article{patrascudemaine2006,
  title={Logarithmic Lower Bounds in the Cell-Probe Model},
  author={Mihai Patrascu and Erik D. Demaine},
  year={2006}
}

@inproceedings{holmetal2015,
  title={Faster Fully dynamic Minnimum Spanning Forest},
  author={Jacob Holm and Eva Rotemberg and Christian Wulff-Nilsen},
  year={2015},
}

@inproceedings{riberotoso2007,
  title={Experimental Analysis of Algorithms for Updating Minnimum Spanning Trees on Graphs Subject to Changes on Edge Weights},
  author={Celso C. Ribeiro and Rodrigo F. Toso},
  year={2007},
}

@article{gilbert1959,
    author = {E. N. Gilbert},
    title = {{Random Graphs}},
    year = {1959},
}

@article{Batagelj2005,
  title = {Efficient generation of large random networks},
  author = {Batagelj,  Vladimir and Brandes,  Ulrik},
  year = {2005},
}

@inproceedings{Osipov2009,
    author = {Vitaly Osipov and Peter Sanders and Johannes Singler},
    title = {The Filter-Kruskal Minimum Spanning Tree Algorithm},
    year = {2009}
}
%
@misc{DP2019,
   title={The Dynamic Pipeline Paradigm},
   author={Zoltan, C. and Pasarella, E. and Araoz, J. and Vidal, M.},
    year = {2019}
 }

@article{Pasarella2024,
  title = {A computational framework based on the dynamic pipeline approach},
  author = {Pasarella,  Edelmira and Vidal,  Maria-Esther and Zoltan,  Cristina and Royo Sales,  Juan Pablo},
  year = {2024},
}

@InProceedings{Loncar2014,
author="Lon{\v{c}}ar, Vladimir
and {\v{S}}krbi{\'{c}}, Srdjan
and Bala{\v{z}}, Antun",
title="Parallelization of Minimum Spanning Tree Algorithms Using Distributed Memory Architectures",
year="2014",
}

@inproceedings{benedietal2024,
  title={{\tt DP\_Kruskal}: a concurrent algorithm to maintain dynamically minimum spanning trees},
  author={Daniel Benedí and Amalia Duch and Edelmira Pasarella and Cristina Zoltan},
  year={2024},
}

@inproceedings{benedi2024,
   title={Maintaining the Minimum Spanning Forest of a Fully Dynamic Graph in the dynamic Pipeline  Pattern},
   author={Daniel Bendí García},
   year = {2024}
 }